%% This BibTeX bibliography file was created using BibDesk.
%% http://bibdesk.sourceforge.net/


%% Created for William Henderson at 2008-03-23 20:17:23 -0700 


%% Saved with string encoding Unicode (UTF-8) 



@misc{miln03,
	Author = {Martin Berger},
	Date-Added = {2008-03-23 18:41:21 -0700},
	Date-Modified = {2008-03-23 20:15:29 -0700},
	Lastchecked = {March 23, 2008},
	Month = {September},
	Title = {An Interview With Robin Milner},
	Url = {http://www.dcs.qmul.ac.uk/~martinb/interviews/milner/},
	Year = {2003},
	Bdsk-Url-1 = {http://www.dcs.qmul.ac.uk/~martinb/interviews/milner/}}

@misc{palam01,
	Author = {C. Palamidessi and O. Herescu},
	Date-Added = {2008-03-23 18:38:29 -0700},
	Date-Modified = {2008-03-23 18:38:37 -0700},
	Text = {Catuscia Palamidessi and Oltea M. Herescu. A randomized encoding of the     -calculus with mixed choice. Technical report, Dept. of Comp. Sci. and Eng.,     The Pennsylvania State University, 2001. Postscript available at http://cse.psu.edu/~catuscia/papers/probenc/report.ps.},
	Title = {A randomized encoding of the -calculus with mixed choice},
	Url = {citeseer.ist.psu.edu/palamidessi01randomized.html},
	Year = {2001},
	Bdsk-Url-1 = {citeseer.ist.psu.edu/palamidessi01randomized.html}}

@phdthesis{turner96,
	Author = {David N. Turner},
	Date-Added = {2008-03-23 17:11:34 -0700},
	Date-Modified = {2008-03-23 17:11:41 -0700},
	Title = {The Polymorphic Pi-Calculus: Theory and Implementation},
	Url = {citeseer.ist.psu.edu/turner95polymorphic.html},
	Year = {1996},
	Bdsk-Url-1 = {citeseer.ist.psu.edu/turner95polymorphic.html}}

@article{nestm00,
	Address = {Duluth, MN, USA},
	Author = {Uwe Nestmann},
	Date-Added = {2008-03-22 21:45:07 -0700},
	Date-Modified = {2008-03-23 20:14:44 -0700},
	Doi = {http://dx.doi.org/10.1006/inco.1999.2822},
	Issn = {0890-5401},
	Journal = {Inf. Comput.},
	Number = {1-2},
	Pages = {287--319},
	Publisher = {Academic Press, Inc.},
	Title = {What is a ``good'' encoding of guarded choice?},
	Volume = {156},
	Year = {2000},
	Bdsk-Url-1 = {http://dx.doi.org/10.1006/inco.1999.2822}}

@article{palam03,
	Author = {Catuscia Palamidessi},
	Date-Added = {2008-03-22 21:11:42 -0700},
	Date-Modified = {2008-03-22 21:15:32 -0700},
	Journal = {Mathematical Structures in Computer Science},
	Number = {5},
	Pages = {685-719},
	Title = {Comparing the Expressive Power of the Synchronous and the Asynchronous $\pi$-calculus},
	Volume = {13},
	Year = {2003}}

@proceedings{cast02,
	Author = {G. Boudol and I. Castellani and F. Germain and M. Lacoste},
	Date-Added = {2007-11-15 12:04:45 -0800},
	Date-Modified = {2007-11-15 12:08:06 -0800},
	Editor = {I. Castellani},
	Month = {August},
	Organization = {MIKADO Global Computer Project},
	Title = {Models of Distribution and Mobility: State of the Art},
	Year = {2002}}

@article{miln92,
	Author = {Robin Milner},
	Date-Added = {2007-11-15 12:03:02 -0800},
	Date-Modified = {2007-11-15 12:04:44 -0800},
	Journal = {Mathematical Structures in Computer Science},
	Number = {2},
	Pages = {119-141},
	Title = {Functions as Processes},
	Volume = {2},
	Year = {1992}}

@book{sang01,
	Author = {Davide Sangiorgi and David Walker},
	Date-Added = {2007-11-15 11:57:28 -0800},
	Date-Modified = {2007-11-15 12:09:32 -0800},
	Publisher = {Cambridge University Press},
	Title = {The $\pi$-calculus:A Theory of Mobile Processes},
	Year = {2001}}

@book{miln99,
	Author = {Robin Milner},
	Date-Added = {2007-11-15 11:51:46 -0800},
	Date-Modified = {2007-11-15 12:09:54 -0800},
	Publisher = {Cambridge University Press},
	Title = {Communicating and Mobile Systems: the $\pi$-calclulus},
	Year = {1999}}

@book{henn07,
	Author = {Matthew Hennessy},
	Date-Added = {2007-11-15 11:49:37 -0800},
	Date-Modified = {2007-11-15 11:51:21 -0800},
	Publisher = {Cambridge University Press},
	Title = {A Distributed Pi-Calculus},
	Year = {2007}}
